@inproceedings{van2011tiqr,
  title={Tiqr: A Novel Take on Two-Factor Authentication.},
  author={Van Rijswijk, Roland M and Van Dijk, Joost},
  booktitle={LISA},
  year={2011}
}
@article{council2005authentication,
  title={Authentication in an internet banking environment},
  organization={Federal Financial Institutions Examination Council},
  journal={Financial Institution Letter, FIL-103-2005. Washington, DC: Federal Deposit Insurance Corp.(FDIC). Retrieved March},
  volume={18},
  pages={2005},
  year={2005}
}
